<?xml version="1.0" encoding="UTF-8"?><collection xmlns="http://www.loc.gov/MARC21/slim"><record><leader>00494nam--2200181-u-4500</leader><controlfield tag="001">000055490</controlfield><controlfield tag="002">20161230</controlfield><controlfield tag="005">20161230201052</controlfield><controlfield tag="008">130214s1000------------r-----000-0-eng-d</controlfield><datafield ind1=" " ind2=" " tag="040"><subfield code="a">IFIN-HH</subfield></datafield><datafield ind1=" " ind2=" " tag="080"><subfield code="a">535.681.4(038)=20=30</subfield></datafield><datafield ind1="1" ind2=" " tag="100"><subfield code="a">Bindmann, Werner</subfield></datafield><datafield ind1="1" ind2="0" tag="245"><subfield code="a">Optik und optischer geratebau</subfield><subfield code="b">Englisch-deutsch</subfield><subfield code="c">Werner bindmann</subfield></datafield><datafield ind1=" " ind2=" " tag="260"><subfield code="a">Berlin</subfield><subfield code="b">Veb Verlag Technik</subfield><subfield code="c">1974</subfield></datafield><datafield ind1=" " ind2=" " tag="300"><subfield code="a">405P</subfield></datafield><datafield ind1=" " ind2=" " tag="490"><subfield code="a">Technik Worterbuch</subfield></datafield><datafield ind1=" " ind2=" " tag="852"><subfield code="a">D.522</subfield><subfield code="c">SLF</subfield></datafield><datafield ind1=" " ind2=" " tag="CAT"><subfield code="a">Sys</subfield><subfield code="c">20130214</subfield><subfield code="h">143051</subfield></datafield></record></collection>